@book{spinbook,
    author = {Gerard J. Holzmann},
    title = {The {SPIN} Model Checker}, 
    year = {2004},
    publisher = {Addison-Wesley Longman Publishing Co., Inc.},
    address = {Boston, MA, USA},
}

@article{HOjournal,
    author      = {Bernadette Charron-Bost and Andr\'e Schiper},
    title       = {The {H}eard-{O}f {M}odel: {C}omputing in {D}istributed
    {S}ystems with {B}enign {F}ailures},
    year        = 2009, 
    journal = {Distributed Computing}, 
    month = apr, 
    pages = {49--71},
    volume = 22, 
    number = 1, 
}


@inproceedings{ckl2004,
    AUTHOR    = { Clarke, Edmund
    and Kroening, Daniel
    and Lerda, Flavio },
    TITLE     = { A Tool for Checking {ANSI-C} Programs },
    BOOKTITLE = { Tools and Algorithms for the Construction and Analysis of Systems (TACAS 2004) },
    YEAR      = { 2004 },
    PUBLISHER = { Springer },
    PAGES     = { 168--176 },
    ISBN      = { 3-540-21299-X },
    SERIES    = { Lecture Notes in Computer Science },
    VOLUME    = { 2988 },
    EDITOR    = { Kurt Jensen and Andreas Podelski },
}


@inproceedings{MartinA05,
    author    = {Jean{-}Philippe Martin and
    Lorenzo Alvisi},
    title     = {Fast Byzantine Consensus},
    booktitle = {2005 International Conference on Dependable Systems and Networks {(DSN}
    2005), 28 June - 1 July 2005, Yokohama, Japan, Proceedings},
    pages     = {402--411},
    publisher = {{IEEE} Computer Society},
    year      = {2005},
    url       = {https://doi.org/10.1109/DSN.2005.48},
    doi       = {10.1109/DSN.2005.48},
    timestamp = {Wed, 16 Oct 2019 14:14:55 +0200},
    biburl    = {https://dblp.org/rec/conf/dsn/MartinA05.bib},
    bibsource = {dblp computer science bibliography, https://dblp.org}
}


@article{KotlaADCW09,
    author    = {Ramakrishna Kotla and
    Lorenzo Alvisi and
    Michael Dahlin and
    Allen Clement and
    Edmund L. Wong},
    title     = {Zyzzyva: Speculative Byzantine fault tolerance},
    journal   = {{ACM} Trans. Comput. Syst.},
    volume    = {27},
    number    = {4},
    pages     = {7:1--7:39},
    year      = {2009},
    url       = {https://doi.org/10.1145/1658357.1658358},
    doi       = {10.1145/1658357.1658358},
    timestamp = {Wed, 14 Nov 2018 10:49:57 +0100},
    biburl    = {https://dblp.org/rec/journals/tocs/KotlaADCW09.bib},
    bibsource = {dblp computer science bibliography, https://dblp.org}
}


@inproceedings{MaricSB17,
    author    = {Ognjen Maric and
    Christoph Sprenger and
    David A. Basin},
    editor    = {Rupak Majumdar and
    Viktor Kuncak},
    title     = {Cutoff Bounds for Consensus Algorithms},
    booktitle = {Computer Aided Verification - 29th International Conference, {CAV}
    2017, Heidelberg, Germany, July 24-28, 2017, Proceedings, Part {II}},
    series    = {Lecture Notes in Computer Science},
    volume    = {10427},
    pages     = {217--237},
    publisher = {Springer},
    year      = {2017},
    url       = {https://doi.org/10.1007/978-3-319-63390-9\_12},
    doi       = {10.1007/978-3-319-63390-9\_12},
    timestamp = {Tue, 14 May 2019 10:00:43 +0200},
    biburl    = {https://dblp.org/rec/conf/cav/MaricSB17.bib},
    bibsource = {dblp computer science bibliography, https://dblp.org}
}

@inproceedings{DamianDMW19,
  author    = {Andrei Damian and
               Cezara Dragoi and
               Alexandru Militaru and
               Josef Widder},
  editor    = {Isil Dillig and
               Serdar Tasiran},
  title     = {Communication-Closed Asynchronous Protocols},
  booktitle = {Computer Aided Verification - 31st International Conference, {CAV}
               2019, New York City, NY, USA, July 15-18, 2019, Proceedings, Part
               {II}},
  series    = {Lecture Notes in Computer Science},
  volume    = {11562},
  pages     = {344--363},
  publisher = {Springer},
  year      = {2019},
  url       = {https://doi.org/10.1007/978-3-030-25543-5\_20},
  doi       = {10.1007/978-3-030-25543-5\_20},
  timestamp = {Fri, 31 Jan 2020 21:32:18 +0100},
  biburl    = {https://dblp.org/rec/conf/cav/DamianDMW19.bib},
  bibsource = {dblp computer science bibliography, https://dblp.org}
}

@article{Abraham2017,
  author    = {Ittai Abraham and
               Guy Gueta and
               Dahlia Malkhi and
               Lorenzo Alvisi and
               Ramakrishna Kotla and
               Jean{-}Philippe Martin},
  title     = {Revisiting Fast Practical Byzantine Fault Tolerance},
  year      = {2017},
  volume    = {abs/1712.01367},
  journal   = {CoRR},
 pages = {00-00},
}
  url       = {http://arxiv.org/abs/1712.01367},
  archivePrefix = {arXiv},
  eprint    = {1712.01367},
  timestamp = {Mon, 13 Aug 2018 16:46:19 +0200},
  biburl    = {https://dblp.org/rec/journals/corr/abs-1712-01367.bib},
  bibsource = {dblp computer science bibliography, https://dblp.org},


@article{FastPaxos,
    journal = {Distributed Computing},
    title = {Fast {P}axos},
    volume  = 19,
    number = 2,
    pages = {79--103},
    year = 2006,
    month = oct,
    author = {Leslie Lamport},
}

@inproceedings{277724,
 author = {Eli Gafni},
 title = {Round-by-Round Fault Detectors: Unifying Synchrony and Asynchrony},
 booktitle = {Proc. 17th ACM Symp. on Principles of
          Distributed Computing (PODC'98)},

 year = {1998},
 isbn = {0-89791-977-7},
 pages = {143--152},
 location = {Puerto Vallarta, Mexico},
 doi = {http://doi.acm.org/10.1145/277697.277724},
 publisher = {ACM Press},
 address = {New York, NY, USA},
 }

@inproceedings{DBLP:conf/prdc/Charron-BostS06,
  author    = {Bernadette Charron{-}Bost and
               Andr{\'{e}} Schiper},
  title     = {Improving Fast Paxos: being optimistic with no overhead},
  booktitle = {12th {IEEE} Pacific Rim International Symposium on Dependable Computing
               {(PRDC} 2006), 18-20 December, 2006, University of California, Riverside,
               {USA}},
  pages     = {287--295},
  publisher = {{IEEE} Computer Society},
  year      = {2006},
  url       = {https://doi.org/10.1109/PRDC.2006.39},
  doi       = {10.1109/PRDC.2006.39},
  timestamp = {Wed, 16 Oct 2019 14:14:56 +0200},
  biburl    = {https://dblp.org/rec/conf/prdc/Charron-BostS06.bib},
  bibsource = {dblp computer science bibliography, https://dblp.org}
}

@article{177726,
 author = {Lamport, Leslie},
 title = {The temporal logic of actions},
 journal = toplas, 
 volume = {16},
 number = {3},
 year = {1994},
 issn = {0164-0925},
 pages = {872--923},
 doi = {http://doi.acm.org/10.1145/177492.177726},
 publisher = {ACM},
 address = {New York, NY, USA},
 }

@article{Parliament,
 author = {Leslie Lamport},
 title = {The Part-Time Parliament},
 journal = tocs,
 volume = {16},
 number = {2},
 year = {1998},
 issn = {0734-2071},
 pages = {133--169},
 month = may, 
 doi = {http://doi.acm.org/10.1145/279227.279229},
 publisher = {ACM Press},
 address = {New York, NY, USA},
 }


@article{10.1145/3338843,
author = {Jackson, Daniel},
title = {Alloy: A Language and Tool for Exploring Software Designs},
year = {2019},
issue_date = {September 2019},
publisher = {Association for Computing Machinery},
address = {New York, NY, USA},
volume = {62},
number = {9},
issn = {0001-0782},
url = {https://doi.org/10.1145/3338843},
doi = {10.1145/3338843},
abstract = {Exploiting a simple, expressive logic based on relations to describe designs and automate their analysis.},
journal = {Commun. ACM},
month = {aug},
pages = {66-76},
numpages = {11}
}


@inproceedings{Ivy,
author = {McMillan, Kenneth L. and Padon, Oded},
title = {Ivy: A Multi-Modal Verification Tool for Distributed Algorithms},
year = {2020},
isbn = {978-3-030-53290-1},
publisher = {Springer-Verlag},
address = {Berlin, Heidelberg},
booktitle = {Computer Aided Verification: 32nd International Conference, CAV 2020},
pages = {190-202},
numpages = {13},
location = {Los Angeles, CA, USA}
}
url = {https://doi.org/10.1007/978-3-030-53291-8_12},
doi = {10.1007/978-3-030-53291-8_12},




